@Book{ qua,
	author = "A. Quarteroni and R. Sacco and F. Saleri",
	title = "Numerical Mathematics",
	edition = "Second",
	publisher = "Springer",
	address = "Berlin Heidelberg",
	year = "2007"
}

@Misc{ cms,
	author = "F. W. Wubs",
	title = "Lecture notes for Computational methods of science$\mathrm{L}$",
	note = "Rijksuniversiteit Groningen",
	year = "2009"
}

@Misc{ bem,
	author = "S. N. Chandler-Wilde and S. Langdon",
	title = "Boundary element methods for acoustics",
	note = "University of Reading, Department of Mathematics",
	howpublished = "$\mathrm{L}$ecture notes",
	year = "2007"
}

@Article{ Chew97,
	author = "W. C. Chew and J. M. Jin and C. C. Lu and E. Michielssen and J.M. Song",
	title = "Fast Solution Methods in Electromagnetics",
	year = "1997",
	volume = "45",
	issue = "3",
	pages = "533--543",
	journal = " IEEE Trans. on Antennas and Propagation"
}

@Article{ Carp09,
	author = "B. Carpentieri",
	title = "Algebraic preconditioners for the Fast Multipole Method in electromagnetic scattering analysis from large structures: trends and problems",
	year = "2009",
	volume = "7",
	number = "1",
	pages = "13--49",
	journal = "Electronic J. of Boundary Elements"
}

@article{Carp05,
     author = {B.~Carpentieri and I.S. Duff and L.~Giraud and G.~Sylvand},
     title = {Combining fast multipole techniques and an approximate inverse preconditioner for large electromagnetism calculations},
     journal = {SIAM J. Scientific Computing},
     year = {2005},
     volume = {27},
     number = {3},
     pages = {774--792}
}



Article{ Cianfrini20071357,
title = "Experimental verification of the acoustic performance of diffusive roadside noise barriers",
journal = "Applied Acoustics",
volume = "68",
number = "11-12",
pages = "1357--1372",
year = "2007",
note = "",
issn = "0003-682X",
doi = "DOI: 10.1016/j.apacoust.2006.07.018",
url = "http://www.sciencedirect.com/science/article/B6V1S-4M57H9X-1/2/85f066273481ceb3d81efeac377c212e",
author = "Claudio Cianfrini and Massimo Corcione and Lucia Fontana",
keywords = "Traffic noise barriers",
keywords1 = "Diffusive sound reflection",
keywords2 = "Experimental analysis",
keywords3 = "Theoretical/computer model"
}

@Misc{ wiki:sound,
	author = "",
	title = "Sound",
	month = "March",
	year = "2011",
	howpublished = "\url{http://en.wikipedia.org/wiki/Sound}"
}

@Misc{ wiki:RCS,
	author = "",
	title = "Radar cross-section",
	month = "March",
	year = "2011",
	howpublished = "\url{http://en.wikipedia.org/wiki/Radar_cross-section}"
}

@Misc{ wiki:sonar,
	author = "",
	title = "Sonar",
	month = "March",
	year = "2011",
	howpublished = "\url{http://en.wikipedia.org/wiki/sonar}"
}

@Article{ duhamel,
	title = "The importance of source type on the assessment of noise barriers",
	journal = "Journal of Sound and Vibration",
	volume = "226",
	number = "2",
	pages = "201--216",
	year = "1999",
	note = "",
	issn = "0022-460X",
	doi = "DOI: 10.1006/jsvi.1999.2273",
	url = "http://www.sciencedirect.com/science/article/B6WM3-45FKX13-6B/2/7c476d6ef73be7c78f1d9b182b1e3143",
	author = "P. Jean and J. defrance and Y. Gabillet"
}

@Article{ hayek,
	title = "Mathematical modeling of absorbent highway noise barriers",
	journal = "Applied Acoustics",
	volume = "31",
	number = "1-3",
	pages = "77--100",
	year = "1990",
	note = "",
	issn = "0003-682X",
	doi = "DOI: 10.1016/0003-682X(90)90054-X",
	url = "http://www.sciencedirect.com/science/article/B6V1S-480V0PM-B7/2/330c980f42a5f8e5610250400a5e3c19",
	author = "S.I. Hayek"
}

@book{sepa,
    author = {W.A.~Strauss},
    title = {Partial Differential Equations - An Introduction},
    publisher = {John Wiley \& Sons},
    year = {2008},
}

@article{bruno,
    author = {B. Carpentieri},
    title = {Algebraic Preconditioners for the {F}ast {M}ultipole {M}ethod in
    Electromagnetic Scattering Analysis from Large Structures: Trends and Problems.},
    journal = {Electronic Journal of Boundary Element},
    volume = {7},
    number = {1},
    pages = {13--49},
    year = {2009}
}


@techreport{Signell,
    author = {P.~Signell},
    title = {Electromagnetic Waves from {M}axwell's Equations},
    institution = {{M}ichigan {S}tate {U}niversity},
    year = {2002},
    type = {{T}echnical {R}eport},
}

@article{templates,
    author = {Richard Barrett, Michael Berry, Tony Chan, James Demmel, June Donato, Jack Dongarra,
              Victor Eijkhout, Roldan Pozo, Charles Romine, Henk van der Vorst},
    title = {Templates for the Solution of Linear Systems: Building
              Blocks for Iterative Methods},
    year = {1993},
}

@article{femnotes,
    author = {S. Langdon, S. N. Chandler-Wilde},
    title = {Finite element methods for acoustic scattering},
    institution = {Department of Mathematics, University of Reading},
    year = {2007},
}
